

@InProceedings{,
  author = 	 {Python Andrew Cron and Wes McKinney},
  title = 	 {gpustats: {GPU} {Library} for {Statistical} {Computing} in {Python}},
  OPTcrossref =  {},
  OPTkey = 	 {},
  OPTbooktitle = {PROC. OF THE 9th PYTHON IN SCIENCE CONF. (SCIPY 2010)},
  OPTpages = 	 {},
  OPTyear = 	 {},
  OPTeditor = 	 {},
  OPTvolume = 	 {},
  OPTnumber = 	 {},
  OPTseries = 	 {},
  OPTaddress = 	 {},
  OPTmonth = 	 {},
  OPTorganization = {},
  OPTpublisher = {},
  OPTnote = 	 {},
  OPTannote = 	 {}
}

@Article{,
  author = 	 {Marc A. SUCHARD and Quanli WANG and Cliburn CHAN and Jacob FRELINGER and Andrew CRON and Mike WEST},
  title = 	 {Understanding GPU Programming for Statistical Computation: Studies in Massively Parallel Massive Mixtures},
  journal = 	 {JCGS},
  year = 	 2010,
  volume = 	 19,
  number = 	 2,
  pages = 	 {419-438},
  month = 	 {October}}



@Misc{,
  OPTkey = 	 {},
  OPTauthor = 	 {Nick Bray},
  OPTtitle = 	 {PyStream: Compiling Python Onto a GPU},
  OPThowpublished = {\url{http://archive.org/details/Thursday-203-8-PystreamCompilingPythonOntoAGpu}},
  OPTmonth = 	 {},
  OPTyear = 	 {},
  OPTnote = 	 {},
  OPTannote = 	 {}
}


@Misc{,
  OPTkey = 	 {},
  OPTauthor = 	 {Andrew Harp},
  OPTtitle = 	 {Computational Statistics via GPU},
  OPThowpublished = {},
  OPTmonth = 	 {},
  OPTyear = 	 {},
  OPTnote = 	 {},
  OPTannote = 	 {}
}

@Misc{,
  OPTkey = 	 {},
  OPTauthor = 	 {Vinod Grover and Yuan Lin},
  OPTtitle = 	 {Compiling CUDA and Other Languages for GPUs},
  OPThowpublished = {},
  OPTmonth = 	 {},
  OPTyear = 	 {},
  OPTnote = 	 {},
  OPTannote = 	 {}
}

