

@InProceedings{bib:McKinney,
  author = 	 {Python Andrew Cron and Wes McKinney},
  title = 	 {gpustats: {GPU} {Library} for {Statistical} {Computing} in {Python}},
  OPTcrossref =  {},
  OPTkey = 	 {},
  OPTbooktitle = {PROC. OF THE 9th PYTHON IN SCIENCE CONF. (SCIPY 2010)},
  OPTpages = 	 {},
  OPTyear = 	 {},
  OPTeditor = 	 {},
  OPTvolume = 	 {},
  OPTnumber = 	 {},
  OPTseries = 	 {},
  OPTaddress = 	 {},
  OPTmonth = 	 {},
  OPTorganization = {},
  OPTpublisher = {},
  OPTnote = 	 {},
  OPTannote = 	 {}
}

@Article{bib:Suchard_Mixtures_JCGS,
  author = 	 {Marc A. SUCHARD and Quanli WANG and Cliburn CHAN and Jacob FRELINGER and Andrew CRON and Mike WEST},
  title = 	 {Understanding GPU Programming for Statistical Computation: Studies in Massively Parallel Massive Mixtures},
  journal = 	 {JCGS},
  year = 	 2010,
  volume = 	 19,
  number = 	 2,
  pages = 	 {419-438},
  month = 	 {October}}



@Misc{bib:PyStream,
  OPTkey = 	 {},
  OPTauthor = 	 {Nick Bray},
  OPTtitle = 	 {PyStream: Compiling Python Onto a GPU},
  OPThowpublished = {\url{http://archive.org/details/Thursday-203-8-PystreamCompilingPythonOntoAGpu}},
  OPTmonth = 	 {},
  OPTyear = 	 {},
  OPTnote = 	 {},
  OPTannote = 	 {}
}


@Misc{bib:CompStatGPU_Harp,
  OPTkey = 	 {},
  OPTauthor = 	 {Andrew Harp},
  OPTtitle = 	 {Computational Statistics via GPU},
  OPThowpublished = {},
  OPTmonth = 	 {},
  OPTyear = 	 {},
  OPTnote = 	 {},
  OPTannote = 	 {}
}

@Misc{bib:libNVVM,
  author = 	 {Vinod Grover and Yuan Lin},
  title = 	 {Compiling CUDA and Other Languages for GPUs},
  howpublished = {\url{http://on-demand.gputechconf.com/gtc/2012/presentations/S0235-GTC2012-CUDA-Compiling-Languages.pdf}},
  year = 	 2012}


  @Manual{bib:gputools,
    title = {\Rpkg{gputools}: A few GPU enabled functions},
    author = {Josh Buckner and Mark Seligman and Justin Wilson},
    year = {2011},
    note = {R package version 0.26},
    url = {http://CRAN.R-project.org/package=gputools},
  }

  @Manual{bib:rgpu,
    title = {\Rpkg{rgpu}: Using the Graphics Processing Unit to speedup bioinformatics analysis with R},
    author = {Marcel Kempenaar and M. Dijkstra},
    year = {2010},
    note = {R package version 0.8-1},
    url = {https://gforge.nbic.nl/projects/rgpu/},
  }

@Article{bib:StatSciLLVM,
  author = 	 {Duncan {Temple Lang}},
  title = 	 {Compiling Code in \R{} with \llvm},
  journal = 	 {Statistical Science},
  year = 	 {2013},
  OPTkey = 	 {},
  OPTvolume = 	 {},
  OPTnumber = 	 {},
  OPTpages = 	 {},
  OPTmonth = 	 {},
  OPTnote = 	 {},
  OPTannote = 	 {}
}


@Misc{bib:RCIndex,
  author = 	 {Duncan {Temple Lang}},
  title = 	 {\Rpkg{RCIndex}: An R interface to libclang},
  howpublished = {http://www.omegahat.org/RCIndex},
  year = 	 {2010-},
  note = 	 {Version 0.2-0}}


@Misc{bib:ROpenCL,
  title = 	 {\Rpkg{OpenCL}: Interface allowing \R{} to use {OpenCL}},
  howpublished = {\url{ http://www.rforge.net/OpenCL/}},
  author = 	 {Simon Urbanek},
  month = 	 {May},
  year = 	 2012}

